<?xml version="1.0" encoding="UTF-8"?><collection xmlns="http://www.loc.gov/MARC21/slim"><record><leader>00511nam--2200133-i-4500</leader><controlfield tag="001">000018171</controlfield><controlfield tag="002">20161230</controlfield><controlfield tag="005">20161230201032</controlfield><controlfield tag="008">060222s1000------------r-----000-0-eng-d</controlfield><datafield ind1=" " ind2=" " tag="080"><subfield code="a">669.35</subfield></datafield><datafield ind1=" " ind2=" " tag="100"><subfield code="a">Ellis, Owen W</subfield></datafield><datafield ind1=" " ind2=" " tag="245"><subfield code="a">Copper and copper alloys. a series of lectures on copper and copper alloys presented to members of the asm. during the twenty-ninth national metal congres and exposition,chicago, oct.18 to 24, 1947</subfield></datafield><datafield ind1=" " ind2=" " tag="260"><subfield code="a">Cleveland, Ohio, American Society For Metals, 1948. 184 P</subfield></datafield><datafield ind1=" " ind2=" " tag="852"><subfield code="a">5139</subfield></datafield></record></collection>